%% This BibTeX bibliography file was created using BibDesk.
%% http://bibdesk.sourceforge.net/


%% Created for Michael Frank at 2015-01-26 08:41:21 -0800 


%% Saved with string encoding Unicode (UTF-8) 



@phdthesis{horn1972,
	Author = {Horn, Laurence},
	Date-Added = {2015-01-26 16:36:34 +0000},
	Date-Modified = {2015-01-26 16:37:05 +0000},
	School = {University of California, Los Angeles},
	Title = {The semantics of logical operators in English},
	Year = {1972}}

@inproceedings{skordos2014,
	Author = {Skordos, Dimitrios and Papafragou, Anna},
	Booktitle = {{Proceedings of the 38th Annual Boston University Conference on Language Development. Somerville, MA: Cascadilla Press}},
	Date-Added = {2015-01-26 04:45:18 +0000},
	Date-Modified = {2015-01-26 05:02:25 +0000},
	Title = {{Scalar Inferences in 5-year-olds: The Role of Alternatives}},
	Year = {2014}}

@book{degan2015,
	Date-Added = {2015-01-24 02:21:38 +0000},
	Date-Modified = {2015-01-24 02:21:45 +0000}}

@article{degen2014b,
	Author = {Degen, Judith and Tanenhaus, Michael K},
	Date-Added = {2015-01-24 02:14:21 +0000},
	Date-Modified = {2015-01-26 05:10:20 +0000},
	Journal = {Cognitive Science},
	Pages = {1--44},
	Title = {Processing scalar implicature: A constraint-based approach},
	Year = {2014}}

@article{nordmeyer2014,
	Author = {Nordmeyer, Ann E and Frank, Michael C},
	Date-Added = {2015-01-24 00:08:05 +0000},
	Date-Modified = {2015-01-24 00:08:46 +0000},
	Journal = {Journal of Memory and Langauage},
	Pages = {25-39s},
	Title = {The role of context in young childrens comprehension of negation},
	Volume = {77},
	Year = {2014}}

@article{stiller2014,
	Author = {Stiller, Alex J and Goodman, Noah D and Frank, Michael C},
	Date-Added = {2015-01-17 00:28:01 +0000},
	Date-Modified = {2015-01-17 00:28:01 +0000},
	Journal = {Language, Learning \& Development},
	Title = {Ad-hoc Implicature in Preschool Children},
	Year = {2014}}

@inproceedings{miller2005,
	Author = {Miller, Karen and Schmitt, Cristina and Chang, Hsiang-Hua and Munn, Alan},
	Booktitle = {Proceedings of the 29th Annual Boston University Conference on Language Development},
	Date-Added = {2014-03-20 17:20:13 +0000},
	Date-Modified = {2014-03-21 06:02:32 +0000},
	Pages = {389--400},
	Title = {Young children understand some implicatures},
	Year = {2005}}

@inproceedings{horowitz2014,
	Author = {Horowitz, Alexandra C and Frank, Michael C},
	Date-Added = {2014-02-14 07:55:19 +0000},
	Date-Modified = {2014-02-14 07:56:14 +0000},
	Title = {Preschoolers infer contrast from adjectives if they can access lexical alternatives},
	Year = {under review}}

@inproceedings{sullivan2011,
	Author = {Sullivan, J., Davidson, K., & Barner, D.},
	Booktitle = {Proceedings of the Boston University Conference on Language Development.},
	Date-Added = {2014-01-06 15:01:18 -0800},
	Date-Modified = {2014-01-06 15:02:59 -0800},
	Title = {Children's conversational implicatures},
	Year = {2011}}

@book{sperber1986,
	Author = {Sperber, Dan and Wilson, Deirdre and and},
	Date-Added = {2013-12-20 16:20:44 -0500},
	Date-Modified = {2013-12-23 11:57:46 -0500},
	Publisher = {Citeseer},
	Title = {Relevance: Communication and cognition},
	Volume = {142},
	Year = {1986}}

@article{horn1984,
	Author = {Horn, Laurence},
	Date-Added = {2013-12-20 16:20:19 -0500},
	Date-Modified = {2013-12-23 11:57:51 -0500},
	Journal = {Meaning, form, and use in context},
	Publisher = {Washington: Georgetown University Press},
	Title = {Toward a new taxonomy for pragmatic inference: Q-based and R-based implicature},
	Volume = {42},
	Year = {1984}}

@book{levinson2000,
	Author = {Levinson, Stephen C},
	Date-Added = {2013-12-20 16:19:02 -0500},
	Date-Modified = {2013-12-23 11:57:38 -0500},
	Publisher = {MIT Press},
	Title = {Presumptive meanings: The theory of generalized conversational implicature},
	Year = {2000}}

@article{mintz2005,
	Author = {Mintz, Toben H},
	Date-Added = {2013-10-07 11:11:06 -0700},
	Date-Modified = {2013-10-07 11:11:15 -0700},
	Journal = {Developmental Psychology},
	Number = {1},
	Pages = {17},
	Publisher = {American Psychological Association},
	Title = {Linguistic and conceptual influences on adjective acquisition in 24-and 36-month-olds.},
	Volume = {41},
	Year = {2005}}

@article{apperly1998,
	Author = {Apperly, IA and Robinson, EJ},
	Date-Added = {2013-09-29 19:49:00 -0700},
	Date-Modified = {2013-09-29 19:49:10 -0700},
	Journal = {Cognition},
	Number = {3},
	Pages = {287--309},
	Publisher = {Elsevier},
	Title = {Children's mental representation of referential relations},
	Volume = {67},
	Year = {1998}}

@article{southgate2010,
	Author = {Southgate, Victoria and Chevallier, Coralie and Csibra, Gergely},
	Date-Added = {2013-09-29 19:38:25 -0700},
	Date-Modified = {2013-09-30 23:46:58 -0700},
	Journal = {Developmental Science},
	Number = {6},
	Pages = {907--912},
	Publisher = {Wiley Online Library},
	Title = {Seventeen-month-olds appeal to false beliefs to interpret others referential communication},
	Volume = {13},
	Year = {2010}}

@article{sedivy2003,
	Author = {Sedivy, Julie C},
	Date-Added = {2013-09-29 16:28:05 -0700},
	Date-Modified = {2013-09-30 23:43:48 -0700},
	Journal = {Journal of Psycholinguistic Research},
	Number = {1},
	Pages = {3--23},
	Publisher = {Springer},
	Title = {Pragmatic versus form-based accounts of referential contrast: Evidence for effects of informativity expectations},
	Volume = {32},
	Year = {2003}}

@article{sedivy2007,
	Author = {Sedivy, Julie C},
	Date-Added = {2013-09-29 16:27:06 -0700},
	Date-Modified = {2013-09-30 23:43:56 -0700},
	Journal = {Philosophy Compass},
	Number = {3},
	Pages = {475--496},
	Publisher = {Wiley Online Library},
	Title = {Implicature during real time conversation: A view from language processing research},
	Volume = {2},
	Year = {2007}}

@article{kurumada1,
	Author = {Kurumada, Chigusa},
	Date-Added = {2013-09-26 22:38:28 -0700},
	Date-Modified = {2013-09-30 23:40:19 -0700},
	Journal = {Signal},
	Pages = {m2},
	Title = {Contextual inferences over speakers pragmatic intentions: Preschoolers comprehension of contrastive prosody},
	Volume = {1}}

@inproceedings{horowitz2012,
	Author = {Horowitz, Alexandra C and Frank, Michael C},
	Booktitle = {Proceedings of the 34th Annual Conference of the Cognitive Science Society},
	Date-Added = {2013-09-26 13:44:21 -0700},
	Date-Modified = {2013-10-02 15:13:45 -0700},
	Title = {Learning from speaker word choice by assuming adjectives are informative},
	Year = {2012}}

@article{clark1990,
	Author = {Clark, Eve V},
	Date-Added = {2013-09-25 12:09:22 -0700},
	Date-Modified = {2013-09-25 12:09:31 -0700},
	Journal = {Journal of Child Language},
	Number = {02},
	Pages = {417--431},
	Publisher = {Cambridge Univ Press},
	Title = {On the pragmatics of contrast},
	Volume = {17},
	Year = {1990}}

@article{au1990b,
	Author = {Au, Terry Kit-Fong and Glusman, Mariana},
	Date-Added = {2013-09-25 12:02:48 -0700},
	Date-Modified = {2013-12-23 17:48:27 -0500},
	Journal = {Child Development},
	Number = {5},
	Pages = {1474--1490},
	Publisher = {Wiley Online Library},
	Title = {The principle of mutual exclusivity in word learning: to honor or not to honor?},
	Volume = {61},
	Year = {1990}}

@article{horst2008,
	Author = {Horst, Jessica S and Samuelson, Larissa K},
	Date-Added = {2013-09-25 12:00:29 -0700},
	Date-Modified = {2013-09-25 12:00:36 -0700},
	Journal = {Infancy},
	Number = {2},
	Pages = {128--157},
	Publisher = {Taylor \& Francis},
	Title = {Fast mapping but poor retention by 24-month-old infants},
	Volume = {13},
	Year = {2008}}

@article{diesendruck2006a,
	Author = {Diesendruck, Gil and Shemer, GINNAT},
	Date-Added = {2013-09-25 11:56:59 -0700},
	Date-Modified = {2013-09-30 23:33:19 -0700},
	Journal = {Journal of Child Language},
	Number = {2},
	Pages = {321},
	Publisher = {Cambridge Univ Press},
	Title = {Young children's expectation of competence in word learning},
	Volume = {33},
	Year = {2006}}

@article{diesendruck2001,
	Author = {Diesendruck, Gil and Markson, Lori},
	Date-Added = {2013-09-25 11:53:39 -0700},
	Date-Modified = {2013-09-30 23:32:50 -0700},
	Journal = {Developmental Psychology},
	Number = {5},
	Pages = {630},
	Publisher = {American Psychological Association},
	Title = {Children's avoidance of lexical overlap: a pragmatic account.},
	Volume = {37},
	Year = {2001}}

@article{markman1988,
	Author = {Markman, Ellen M and Wachtel, Gwyn F},
	Date-Added = {2013-09-25 11:50:03 -0700},
	Date-Modified = {2013-09-30 23:40:58 -0700},
	Journal = {Cognitive Psychology},
	Number = {2},
	Pages = {121--157},
	Publisher = {Elsevier},
	Title = {Children's use of mutual exclusivity to constrain the meanings of words},
	Volume = {20},
	Year = {1988}}

@article{yu2007,
	Author = {Yu, Chen and Smith, Linda B},
	Date-Added = {2013-09-24 22:06:53 -0700},
	Date-Modified = {2013-09-24 22:07:04 -0700},
	Journal = {Psychological Science},
	Number = {5},
	Pages = {414--420},
	Publisher = {SAGE Publications},
	Title = {Rapid word learning under uncertainty via cross-situational statistics},
	Volume = {18},
	Year = {2007}}

@article{smith2008,
	Author = {Smith, Linda and Yu, Chen},
	Date-Added = {2013-09-24 22:06:51 -0700},
	Date-Modified = {2013-09-24 22:07:00 -0700},
	Journal = {Cognition},
	Number = {3},
	Pages = {1558--1568},
	Publisher = {Elsevier},
	Title = {Infants rapidly learn word-referent mappings via cross-situational statistics},
	Volume = {106},
	Year = {2008}}

@article{wagner2013,
	Author = {Wagner, Katie and Dobkins, Karen and Barner, David},
	Date-Added = {2013-09-24 17:01:17 -0700},
	Date-Modified = {2013-09-24 17:01:36 -0700},
	Journal = {Cognition},
	Number = {3},
	Pages = {307--317},
	Publisher = {Elsevier},
	Title = {Slow mapping: Color word learning as a gradual inductive process},
	Volume = {127},
	Year = {2013}}

@article{soja1994,
	Author = {Soja, Nancy N},
	Date-Added = {2013-09-24 17:00:19 -0700},
	Date-Modified = {2013-09-24 17:01:32 -0700},
	Journal = {Child Development},
	Number = {3},
	Pages = {918--937},
	Publisher = {Wiley Online Library},
	Title = {Young children's concept of color and its relation to the acquisition of color words},
	Volume = {65},
	Year = {1994}}

@article{pitchford2001,
	Author = {Pitchford, Nicola J and Mullen, Kathy T},
	Date-Added = {2013-09-24 17:00:04 -0700},
	Date-Modified = {2013-09-24 17:01:27 -0700},
	Journal = {Journal of Experimental Child Psychology},
	Number = {3},
	Pages = {289--314},
	Publisher = {Elsevier},
	Title = {Conceptualization of perceptual attributes: A special case for color?},
	Volume = {80},
	Year = {2001}}

@article{kowalski2006,
	Author = {Kowalski, Kurt and Zimiles, Herbert},
	Date-Added = {2013-09-24 16:59:29 -0700},
	Date-Modified = {2013-09-24 17:01:23 -0700},
	Journal = {Journal of Experimental Child Psychology},
	Number = {4},
	Pages = {301--321},
	Publisher = {Elsevier},
	Title = {The relation between childrens conceptual functioning with color and color term acquisition},
	Volume = {94},
	Year = {2006}}

@article{au1990,
	Author = {Au, Terry Kit-fong and Laframboise, Denise E},
	Date-Added = {2013-09-24 13:38:00 -0700},
	Date-Modified = {2013-09-24 13:38:10 -0700},
	Journal = {Child Development},
	Number = {6},
	Pages = {1808--1823},
	Publisher = {Wiley Online Library},
	Title = {Acquiring color names via linguistic contrast: The influence of contrasting terms},
	Volume = {61},
	Year = {1990}}

@article{baldwin1989,
	Author = {Baldwin, Dare A},
	Date-Added = {2013-09-24 11:24:17 -0700},
	Date-Modified = {2013-09-24 11:24:27 -0700},
	Journal = {Child Development},
	Pages = {1291--1306},
	Publisher = {JSTOR},
	Title = {Priorities in children's expectations about object label reference: Form over color},
	Year = {1989}}

@article{booth2009,
	Author = {Booth, Amy E and Waxman, Sandra R},
	Date-Added = {2013-09-24 11:09:51 -0700},
	Date-Modified = {2013-09-30 23:29:21 -0700},
	Journal = {Child Development},
	Number = {1},
	Pages = {15--22},
	Publisher = {Wiley Online Library},
	Title = {A horse of a different color: Specifying with precision infants mappings of novel nouns and adjectives},
	Volume = {80},
	Year = {2009}}

@article{graham2003,
	Author = {Graham, Susan A and Welder, Andrea N and McCrimmon, Adam W},
	Date-Added = {2013-09-24 10:57:53 -0700},
	Date-Modified = {2013-09-24 10:57:59 -0700},
	Journal = {Brain and Language},
	Number = {1},
	Pages = {16--37},
	Publisher = {Elsevier},
	Title = {Hot dogs and zavy cats: Preschoolers and adults expectations about familiar and novel adjectives},
	Volume = {84},
	Year = {2003}}

@article{hall1997,
	Author = {Hall, D Geoffrey and Moore, Catherine E},
	Date-Added = {2013-09-24 10:51:14 -0700},
	Date-Modified = {2013-09-24 10:51:22 -0700},
	Journal = {Journal of Experimental Child Psychology},
	Number = {2},
	Pages = {236--267},
	Publisher = {Elsevier},
	Title = {Red bluebirds and black greenflies: Preschoolers understanding of the semantics of adjectives and count nouns},
	Volume = {67},
	Year = {1997}}

@article{klibanoff2000,
	Author = {Klibanoff, Raquel S and Waxman, Sandra R},
	Date-Added = {2013-09-24 10:33:34 -0700},
	Date-Modified = {2013-09-30 23:40:05 -0700},
	Journal = {Child Development},
	Number = {3},
	Pages = {649--659},
	Publisher = {Wiley Online Library},
	Title = {Basic Level Object Categories Support the Acquisition of Novel Adjectives: Evidence from Preschool-Aged Children},
	Volume = {71},
	Year = {2000}}

@article{kotovsky1996,
	Author = {Kotovsky, Laura and Gentner, Dedre},
	Date-Added = {2013-09-24 10:26:28 -0700},
	Date-Modified = {2013-09-24 10:26:40 -0700},
	Journal = {Child Development},
	Number = {6},
	Pages = {2797--2822},
	Publisher = {Wiley Online Library},
	Title = {Comparison and categorization in the development of relational similarity},
	Volume = {67},
	Year = {1996}}

@article{nelson1976,
	Author = {Nelson, Katherine},
	Date-Added = {2013-09-23 23:39:39 -0700},
	Date-Modified = {2013-09-23 23:39:46 -0700},
	Journal = {Cognition},
	Number = {1},
	Pages = {13--30},
	Publisher = {Elsevier},
	Title = {Some attributes of adjectives used by young children},
	Volume = {4},
	Year = {1976}}

@article{nelson1974,
	Author = {Nelson, Katherine and Benedict, Helen},
	Date-Added = {2013-09-23 23:32:33 -0700},
	Date-Modified = {2013-09-23 23:32:40 -0700},
	Journal = {Journal of Psycholinguistic Research},
	Number = {4},
	Pages = {333--342},
	Publisher = {Springer},
	Title = {The comprehension of relative, absolute, and contrastive adjectives by young children},
	Volume = {3},
	Year = {1974}}

@article{ohanlon2006,
	Author = {O'Hanlon, Catherine G and Roberson, Debi},
	Date-Added = {2013-09-23 22:53:03 -0700},
	Date-Modified = {2013-09-23 23:03:00 -0700},
	Journal = {Journal of Experimental Child Psychology},
	Number = {4},
	Pages = {275--300},
	Publisher = {Elsevier},
	Title = {Learning in context: Linguistic and attentional constraints on childrens color term learning},
	Volume = {94},
	Year = {2006}}

@article{sandhofer2007,
	Author = {Sandhofer, Catherine and Smith, Linda B},
	Date-Added = {2013-09-23 22:28:51 -0700},
	Date-Modified = {2013-09-23 22:28:58 -0700},
	Journal = {Language Learning and Development},
	Number = {3},
	Pages = {233--267},
	Publisher = {Taylor \& Francis},
	Title = {Learning adjectives in the real world: How learning nouns impedes learning adjectives},
	Volume = {3},
	Year = {2007}}

@article{sandhofer2001,
	Author = {Sandhofer, Catherine M and Smith, Linda B},
	Date-Added = {2013-09-23 22:28:05 -0700},
	Date-Modified = {2013-09-23 22:28:12 -0700},
	Journal = {Journal of Experimental Psychology: General},
	Number = {4},
	Pages = {600},
	Publisher = {American Psychological Association},
	Title = {Why children learn color and size words so differently: evidence from adults' learning of artificial terms.},
	Volume = {130},
	Year = {2001}}

@article{sandhofer1999,
	Author = {Sandhofer, Catherine M and Smith, Linda B},
	Date-Added = {2013-09-23 22:08:49 -0700},
	Date-Modified = {2013-09-23 22:08:55 -0700},
	Journal = {Developmental Psychology},
	Number = {3},
	Pages = {668},
	Publisher = {American Psychological Association},
	Title = {Learning color words involves learning a system of mappings.},
	Volume = {35},
	Year = {1999}}

@article{smith1984,
	Author = {Smith, Linda B},
	Date-Added = {2013-09-23 21:39:05 -0700},
	Date-Modified = {2013-09-30 23:44:21 -0700},
	Journal = {Child Development},
	Pages = {363--380},
	Publisher = {JSTOR},
	Title = {Young children's understanding of attributes and dimensions: A comparison of conceptual and linguistic measures},
	Year = {1984}}

@article{smith1992b,
	Author = {Smith, Linda B and Sera, Maria D},
	Date-Added = {2013-09-23 21:30:36 -0700},
	Date-Modified = {2013-09-23 21:30:53 -0700},
	Journal = {Cognitive Psychology},
	Number = {1},
	Pages = {99--142},
	Publisher = {Elsevier},
	Title = {A developmental analysis of the polar structure of dimensions},
	Volume = {24},
	Year = {1992}}

@article{smith1992,
	Author = {Smith, Linda B and Jones, Susan S and Landau, Barbara},
	Date-Added = {2013-09-23 21:10:48 -0700},
	Date-Modified = {2013-09-23 21:11:16 -0700},
	Journal = {Developmental Psychology},
	Number = {2},
	Pages = {273},
	Publisher = {American Psychological Association},
	Title = {Count nouns, adjectives, and perceptual properties in children's novel word interpretations.},
	Volume = {28},
	Year = {1992}}

@article{syrett2010,
	Author = {Syrett, Kristen and Kennedy, Christopher and Lidz, Jeffrey},
	Date-Added = {2013-09-23 14:46:47 -0700},
	Date-Modified = {2013-10-01 11:09:28 -0700},
	Journal = {Journal of Semantics},
	Number = {1},
	Pages = {1--35},
	Publisher = {Oxford Univ Press},
	Title = {Meaning and context in children's understanding of gradable adjectives},
	Volume = {27},
	Year = {2010}}

@inproceedings{syrett2005,
	Author = {Syrett, Kristen and Bradley, Evan and Kennedy, Christopher and Lidz, Jeffrey},
	Booktitle = {Annual Meeting of the Linguistics Society of America, San Francisco, CA},
	Date-Added = {2013-09-23 14:46:46 -0700},
	Date-Modified = {2013-10-01 11:08:44 -0700},
	Title = {Shifting standards: Children's understanding of gradable adjectives},
	Year = {2005}}

@article{tribushinina2012,
	Author = {Tribushinina, Elena},
	Date-Added = {2013-09-23 14:24:14 -0700},
	Date-Modified = {2013-10-01 11:09:03 -0700},
	Journal = {Journal of Pragmatics},
	Publisher = {Elsevier},
	Title = {Comprehension of relevance implicatures by preschoolers: The case of adjectives},
	Year = {2012}}

@article{waxman2001,
	Author = {Waxman, Sandra R and Booth, Amy E},
	Date-Added = {2013-09-23 14:13:02 -0700},
	Date-Modified = {2013-10-01 11:03:22 -0700},
	Journal = {Cognitive Psychology},
	Number = {3},
	Pages = {217--242},
	Publisher = {Elsevier},
	Title = {Seeing pink elephants: Fourteen-month-olds' interpretations of novel nouns and adjectives},
	Volume = {43},
	Year = {2001}}

@article{hall1993,
	Author = {Hall, D Geoffrey and Waxman, Sandra R and Hurwitz, Wendy M},
	Date-Added = {2013-09-23 13:20:07 -0700},
	Date-Modified = {2013-09-23 13:20:13 -0700},
	Journal = {Child Development},
	Number = {6},
	Pages = {1651--1664},
	Publisher = {Wiley Online Library},
	Title = {How Two-and Four-Year-Old Children Interpret Adjectives and Count Nouns},
	Volume = {64},
	Year = {1993}}

@article{bonitatibus1988,
	Author = {Bonitatibus, Gary and Godshall, Stephanie and Kelley, Maureen and Levering, Theresa and Lynch, Elizabeth},
	Date-Added = {2013-09-22 18:52:05 -0700},
	Date-Modified = {2013-09-22 18:52:18 -0700},
	Journal = {First Language},
	Number = {24},
	Pages = {287--298},
	Publisher = {Sage Publications},
	Title = {The role of social cognition in comprehension monitoring},
	Volume = {8},
	Year = {1988}}

@article{harris2006,
	Author = {Harris, Paul L and Koenig, Melissa A},
	Date-Added = {2013-09-22 14:33:38 -0700},
	Date-Modified = {2013-09-30 23:34:44 -0700},
	Journal = {Child Development},
	Number = {3},
	Pages = {505--524},
	Publisher = {Wiley Online Library},
	Title = {Trust in testimony: How children learn about science and religion},
	Volume = {77},
	Year = {2006}}

@article{pasquini2007,
	Author = {Pasquini, Elisabeth S and Corriveau, Kathleen H and Koenig, Melissa and Harris, Paul L},
	Date-Added = {2013-09-22 14:29:55 -0700},
	Date-Modified = {2013-09-30 23:42:26 -0700},
	Journal = {Developmental Psychology},
	Number = {5},
	Pages = {1216},
	Publisher = {American Psychological Association},
	Title = {Preschoolers monitor the relative accuracy of informants.},
	Volume = {43},
	Year = {2007}}

@article{clark1998,
	Author = {Clark, Eve V and Grossman, James B},
	Date-Added = {2013-09-22 12:14:06 -0700},
	Date-Modified = {2013-09-22 12:14:15 -0700},
	Journal = {Journal of Child Language},
	Number = {1},
	Pages = {1--18},
	Publisher = {Cambridge Univ Press},
	Title = {Pragmatic directions and children's word learning},
	Volume = {25},
	Year = {1998}}

@article{gentner20018,
	Author = {Gentner, Dedre and Boroditsky, Lera},
	Date-Added = {2013-09-22 12:13:46 -0700},
	Date-Modified = {2013-09-22 12:13:46 -0700},
	Journal = {Language acquisition and conceptual development},
	Pages = {215},
	Publisher = {Cambridge University Press},
	Title = {8 Individuation, relativity, and early word learning},
	Volume = {3},
	Year = {2001}}

@article{o1996two,
	Author = {O'Neill, Daniela K},
	Date-Added = {2013-09-21 23:48:22 -0700},
	Date-Modified = {2013-09-21 23:48:22 -0700},
	Journal = {Child Development},
	Number = {2},
	Pages = {659--677},
	Publisher = {Wiley Online Library},
	Title = {Two-Year-Old Children's Sensitivity to a Parent's Knowledge State When Making Requests},
	Volume = {67},
	Year = {1996}}

@article{tomasello2003understanding,
	Author = {Tomasello, Michael and Haberl, Katharina},
	Date-Added = {2013-09-21 23:47:30 -0700},
	Date-Modified = {2013-09-21 23:47:30 -0700},
	Journal = {Developmental psychology},
	Number = {5},
	Pages = {906},
	Publisher = {American Psychological Association},
	Title = {Understanding attention: 12-and 18-month-olds know what is new for other persons.},
	Volume = {39},
	Year = {2003}}

@article{jaswal2001,
	Author = {Jaswal, Vikram K and Markman, Ellen M},
	Date-Added = {2013-09-21 12:28:26 -0700},
	Date-Modified = {2013-09-21 12:28:38 -0700},
	Journal = {Child Development},
	Number = {3},
	Pages = {768--786},
	Publisher = {Wiley Online Library},
	Title = {Learning proper and common names in inferential versus ostensive contexts},
	Volume = {72},
	Year = {2001}}

@article{waxman1998,
	Author = {Waxman, Sandra R and Markow, Dana B},
	Date-Added = {2013-09-21 11:56:45 -0700},
	Date-Modified = {2013-09-30 23:49:01 -0700},
	Journal = {Child Development.},
	Number = {5},
	Pages = {1313--1329},
	Publisher = {Wiley Online Library},
	Title = {Object Properties and Object Kind: Twenty-One-Month-Old Infants' Extension of Novel Adjectives},
	Volume = {69},
	Year = {1998}}

@article{wilcox1980,
	Author = {Wilcox, M Jeanne and Webster, Elizabeth J},
	Date-Added = {2013-09-21 11:30:23 -0700},
	Date-Modified = {2013-09-21 11:30:33 -0700},
	Journal = {Child Development},
	Pages = {1120--1125},
	Publisher = {JSTOR},
	Title = {Early discourse behavior: An analysis of children's responses to listener feedback},
	Year = {1980}}

@article{peterson1972,
	Author = {Peterson, Carole L and Danner, Fred W and Flavell, John H},
	Date-Added = {2013-09-21 10:51:20 -0700},
	Date-Modified = {2013-09-21 10:51:29 -0700},
	Journal = {Child Development},
	Pages = {1463--1468},
	Publisher = {JSTOR},
	Title = {Developmental changes in children's response to three indications of communicative failure},
	Year = {1972}}

@article{weighall2008,
	Author = {Weighall, Anna R},
	Date-Added = {2013-09-21 10:37:02 -0700},
	Date-Modified = {2013-10-01 11:02:40 -0700},
	Journal = {Journal of Experimental Child Psychology},
	Number = {2},
	Pages = {75--95},
	Publisher = {Elsevier},
	Title = {The kindergarten path effect revisited: Children's use of context in processing structural ambiguities},
	Volume = {99},
	Year = {2008}}

@article{robinson1982,
	Author = {Robinson, EJ and Robinson, WP},
	Date-Added = {2013-09-21 10:17:49 -0700},
	Date-Modified = {2013-09-21 10:17:58 -0700},
	Journal = {International Journal of Behavioral Development},
	Number = {3},
	Pages = {329--355},
	Publisher = {Sage Publications},
	Title = {The advancement of children's verbal referential communication skills: The role of metacognitive guidance},
	Volume = {5},
	Year = {1982}}

@article{resches2007,
	Author = {Resches, Mariela and Perez Pereira, Miguel},
	Date-Added = {2013-09-21 10:15:56 -0700},
	Date-Modified = {2013-09-21 10:16:05 -0700},
	Journal = {Journal of Child Language},
	Number = {01},
	Pages = {21--52},
	Publisher = {Cambridge Univ Press},
	Title = {Referential communication abilities and theory of mind development in preschool children},
	Volume = {34},
	Year = {2007}}

@article{brennan1996,
	Author = {Brennan, Susan E and Clark, Herbert H},
	Date-Added = {2013-09-21 09:50:53 -0700},
	Date-Modified = {2013-09-21 09:50:59 -0700},
	Journal = {Journal of Experimental Psychology: Learning, Memory, and Cognition},
	Number = {6},
	Pages = {1482},
	Publisher = {American Psychological Association},
	Title = {Conceptual pacts and lexical choice in conversation.},
	Volume = {22},
	Year = {1996}}

@article{clark1997,
	Author = {Clark, Eve V},
	Date-Added = {2013-09-21 09:44:39 -0700},
	Date-Modified = {2013-09-21 09:44:46 -0700},
	Journal = {Cognition},
	Number = {1},
	Pages = {1--37},
	Publisher = {Elsevier},
	Title = {Conceptual perspective and lexical choice in acquisition},
	Volume = {64},
	Year = {1997}}

@article{nilsen2009,
	Author = {Nilsen, Elizabeth S and Graham, Susan A},
	Date-Added = {2013-09-20 19:37:59 -0700},
	Date-Modified = {2013-09-20 19:38:10 -0700},
	Journal = {Cognitive Psychology},
	Number = {2},
	Pages = {220--249},
	Publisher = {Elsevier},
	Title = {The relations between childrens communicative perspective-taking and executive functioning},
	Volume = {58},
	Year = {2009}}

@article{bearison1977,
	Author = {Bearison, David J and Levey, Linda M},
	Date-Added = {2013-09-20 19:21:31 -0700},
	Date-Modified = {2013-09-20 19:24:08 -0700},
	Journal = {Child Development},
	Pages = {716--720},
	Publisher = {JSTOR},
	Title = {Children's comprehension of referential communication: Decoding ambiguous messages},
	Year = {1977}}

@article{robinson1985w,
	Author = {Robinson, EJ and Whittaker, SJ},
	Date-Added = {2013-09-20 19:21:22 -0700},
	Date-Modified = {2013-09-20 19:34:49 -0700},
	Journal = {Developmental Psychology},
	Number = {3},
	Pages = {446},
	Publisher = {American Psychological Association},
	Title = {Children's responses to ambiguous messages and their understanding of ambiguity.},
	Volume = {21},
	Year = {1985}}

@article{sobel2010,
	Author = {Sobel, David M and Corriveau, Kathleen H},
	Date-Added = {2013-09-20 19:12:28 -0700},
	Date-Modified = {2013-09-30 23:46:31 -0700},
	Journal = {Child Development},
	Number = {2},
	Pages = {669--679},
	Publisher = {Wiley Online Library},
	Title = {Children monitor individuals expertise for word learning},
	Volume = {81},
	Year = {2010}}

@article{pechmann1989,
	Author = {Pechmann, Thomas},
	Date-Added = {2013-09-20 18:25:59 -0700},
	Date-Modified = {2013-09-20 18:26:05 -0700},
	Journal = {Linguistics},
	Number = {1},
	Pages = {89--110},
	Title = {Incremental speech production and referential overspecification},
	Volume = {27},
	Year = {1989}}

@article{birch2008,
	Author = {Birch, Susan AJ and Vauthier, Sophie A and Bloom, Paul},
	Date-Added = {2013-09-20 15:26:10 -0700},
	Date-Modified = {2013-09-20 16:14:06 -0700},
	Journal = {Cognition},
	Number = {3},
	Pages = {1018--1034},
	Publisher = {Elsevier},
	Title = {Three-and four-year-olds spontaneously use others past performance to guide their learning},
	Volume = {107},
	Year = {2008}}

@article{diesendruck2004,
	Author = {Diesendruck, Gil and Markson, Lori and Akhtar, Nameera and Reudor, Ayelet},
	Date-Added = {2013-09-20 15:26:01 -0700},
	Date-Modified = {2013-09-20 16:13:19 -0700},
	Journal = {Developmental Science},
	Number = {1},
	Pages = {33--41},
	Publisher = {Wiley Online Library},
	Title = {Two-year-olds sensitivity to speakers intent: an alternative account of Samuelson and Smith},
	Volume = {7},
	Year = {2004}}

@article{gelman2003,
	Author = {Gelman, Susan A and Raman, Lakshmi},
	Date-Added = {2013-09-20 15:15:28 -0700},
	Date-Modified = {2013-09-20 16:12:00 -0700},
	Journal = {Child Development},
	Number = {1},
	Pages = {308--325},
	Publisher = {Wiley Online Library},
	Title = {Preschool children use linguistic form class and pragmatic cues to interpret generics},
	Volume = {74},
	Year = {2003}}

@article{cimpian2009,
	Author = {Cimpian, Andrei and Markman, Ellen M},
	Date-Added = {2013-09-20 15:04:46 -0700},
	Date-Modified = {2013-09-20 15:05:04 -0700},
	Journal = {Cognition},
	Number = {1},
	Pages = {14--25},
	Publisher = {Elsevier},
	Title = {Information learned from generic language becomes central to childrens biological concepts: Evidence from their open-ended explanations},
	Volume = {113},
	Year = {2009}}

@article{cimpian2010,
	Author = {Cimpian, Andrei},
	Date-Added = {2013-09-20 14:49:34 -0700},
	Date-Modified = {2013-09-30 23:31:32 -0700},
	Journal = {Developmental Psychology},
	Number = {5},
	Pages = {1333},
	Publisher = {American Psychological Association},
	Title = {The impact of generic language about ability on children's achievement motivation.},
	Volume = {46},
	Year = {2010}}

@article{paris1976b,
	Author = {Paris, Scott G and Lindauer, Barbara K},
	Date-Added = {2013-09-20 14:34:06 -0700},
	Date-Modified = {2013-09-20 14:34:29 -0700},
	Journal = {Cognitive Psychology},
	Number = {2},
	Pages = {217--227},
	Publisher = {Elsevier},
	Title = {The role of inference in children's comprehension and memory for sentences},
	Volume = {8},
	Year = {1976}}

@article{matthews2010,
	Author = {Matthews, Danielle and Lieven, Elena and Tomasello, Michael},
	Date-Added = {2013-09-20 12:13:57 -0700},
	Date-Modified = {2013-09-30 23:41:32 -0700},
	Journal = {Developmental Psychology},
	Number = {4},
	Pages = {749},
	Publisher = {American Psychological Association},
	Title = {What's in a manner of speaking? Children's sensitivity to partner-specific referential precedents.},
	Volume = {46},
	Year = {2010}}

@article{menig1975,
	Author = {Menig-Peterson, Carole L},
	Date-Added = {2013-09-20 11:16:21 -0700},
	Date-Modified = {2013-09-20 12:12:18 -0700},
	Journal = {Child Development},
	Pages = {1015--1018},
	Publisher = {JSTOR},
	Title = {The modification of communicative behavior in preschool-aged children as a function of the listener's perspective},
	Year = {1975}}

@article{mangold1988,
	Author = {Mangold, Roland and Pobel, Rupert},
	Date-Added = {2013-09-20 11:07:36 -0700},
	Date-Modified = {2013-09-20 11:07:44 -0700},
	Journal = {Journal of Language and Social Psychology},
	Number = {3-4},
	Pages = {181--191},
	Publisher = {Sage Publications},
	Title = {Informativeness and instrumentality in referential communication},
	Volume = {7},
	Year = {1988}}

@article{engelhardt2006,
	Author = {Engelhardt, Paul E and Bailey, Karl GD and Ferreira, Fernanda},
	Date-Added = {2013-09-20 11:03:26 -0700},
	Date-Modified = {2013-09-20 11:03:46 -0700},
	Journal = {Journal of Memory and Language},
	Number = {4},
	Pages = {554--573},
	Publisher = {Elsevier},
	Title = {Do speakers and listeners observe the Gricean Maxim of Quantity?},
	Volume = {54},
	Year = {2006}}

@article{diesendruck2005,
	Author = {Diesendruck, Gil},
	Date-Added = {2013-09-19 18:17:55 -0700},
	Date-Modified = {2013-09-19 18:18:06 -0700},
	Journal = {Developmental Psychology},
	Number = {3},
	Pages = {451},
	Publisher = {American Psychological Association},
	Title = {The principles of conventionality and contrast in word learning: an empirical examination.},
	Volume = {41},
	Year = {2005}}

@article{arts2011,
	Author = {Arts, Anja and Maes, Alfons and Noordman, Leo and Jansen, Carel},
	Date-Added = {2013-09-19 18:04:04 -0700},
	Date-Modified = {2013-09-19 18:04:12 -0700},
	Journal = {Journal of Pragmatics},
	Number = {1},
	Pages = {361--374},
	Publisher = {Elsevier},
	Title = {Overspecification facilitates object identification},
	Volume = {43},
	Year = {2011}}

@article{sedivy1999,
	Author = {Sedivy, Julie C and K Tanenhaus, Michael and Chambers, Craig G and Carlson, Gregory N},
	Date-Added = {2013-09-19 16:13:58 -0700},
	Date-Modified = {2013-09-19 16:15:08 -0700},
	Journal = {Cognition},
	Number = {2},
	Pages = {109--147},
	Publisher = {Elsevier},
	Title = {Achieving incremental semantic interpretation through contextual representation},
	Volume = {71},
	Year = {1999}}

@article{weisleder2013,
	Author = {Weisleder, Adriana and Fernald, Anne},
	Date-Added = {2013-09-19 15:33:04 -0700},
	Date-Modified = {2013-09-19 15:33:11 -0700},
	Journal = {Psychological Science},
	Pages = {0956797613488145},
	Publisher = {SAGE Publications},
	Title = {Talking to Children Matters Early Language Experience Strengthens Processing and Builds Vocabulary},
	Year = {2013}}

@article{marchman2008,
	Author = {Marchman, Virginia A and Fernald, Anne},
	Date-Added = {2013-09-19 15:30:49 -0700},
	Date-Modified = {2013-09-30 23:41:32 -0700},
	Journal = {Developmental Science},
	Number = {3},
	Pages = {F9--F16},
	Publisher = {Wiley Online Library},
	Title = {Speed of word recognition and vocabulary knowledge in infancy predict cognitive and language outcomes in later childhood},
	Volume = {11},
	Year = {2008}}

@article{ackerman1990,
	Author = {Ackerman, Brian P and Szymanski, Joanne and Silver, Dara},
	Date-Added = {2013-09-19 15:06:14 -0700},
	Date-Modified = {2013-09-19 15:06:23 -0700},
	Journal = {Developmental Psychology},
	Number = {2},
	Pages = {234},
	Publisher = {American Psychological Association},
	Title = {Children's use of the common ground in interpreting ambiguous referential utterances.},
	Volume = {26},
	Year = {1990}}

@article{lane2008,
	Author = {Lane, Liane Wardlow and Ferreira, Victor S},
	Date-Added = {2013-09-18 15:12:52 -0700},
	Date-Modified = {2013-09-18 15:12:57 -0700},
	Journal = {Journal of Experimental Psychology: Learning, Memory, and Cognition},
	Number = {6},
	Pages = {1466},
	Publisher = {American Psychological Association},
	Title = {Speaker-external versus speaker-internal forces on utterance form: Do cognitive demands override threats to referential success?},
	Volume = {34},
	Year = {2008}}

@article{heller2008,
	Author = {Heller, Daphna and Grodner, Daniel and Tanenhaus, Michael K},
	Date-Added = {2013-09-18 14:06:59 -0700},
	Date-Modified = {2013-09-18 14:07:05 -0700},
	Journal = {Cognition},
	Number = {3},
	Pages = {831--836},
	Publisher = {Elsevier},
	Title = {The role of perspective in identifying domains of reference},
	Volume = {108},
	Year = {2008}}

@article{lane2006,
	Author = {Lane, Liane Wardlow and Groisman, Michelle and Ferreira, Victor S},
	Date-Added = {2013-09-18 14:06:46 -0700},
	Date-Modified = {2013-09-18 14:07:10 -0700},
	Journal = {Psychological Science},
	Number = {4},
	Pages = {273--277},
	Publisher = {SAGE Publications},
	Title = {Don't talk about pink elephants! Speakers' control over leaking private information during language production},
	Volume = {17},
	Year = {2006}}

@article{breen2010,
	Author = {Breen, Mara and Fedorenko, Evelina and Wagner, Michael and Gibson, Edward},
	Date-Added = {2013-09-18 13:50:29 -0700},
	Date-Modified = {2013-09-18 13:50:36 -0700},
	Journal = {Language and Cognitive Processes},
	Number = {7-9},
	Pages = {1044--1098},
	Publisher = {Taylor \& Francis},
	Title = {Acoustic correlates of information structure},
	Volume = {25},
	Year = {2010}}

@article{mandel1994,
	Author = {Mandel, Denise R and Jusczyk, Peter W and Kemler Nelson, Deborah G},
	Date-Added = {2013-09-18 13:48:57 -0700},
	Date-Modified = {2013-09-18 13:49:04 -0700},
	Journal = {Cognition},
	Number = {2},
	Pages = {155--180},
	Publisher = {Elsevier},
	Title = {Does sentential prosody help infants organize and remember speech information?},
	Volume = {53},
	Year = {1994}}

@article{tomasello1986,
	Author = {Tomasello, Michael and Farrar, Michael Jeffrey},
	Date-Added = {2013-09-18 13:44:51 -0700},
	Date-Modified = {2013-09-18 13:45:10 -0700},
	Journal = {Child development},
	Pages = {1454--1463},
	Publisher = {JSTOR},
	Title = {Joint attention and early language},
	Year = {1986}}

@article{tomasello1983,
	Author = {Tomasello, Michael and Todd, Jody},
	Date-Added = {2013-09-18 13:44:51 -0700},
	Date-Modified = {2013-09-18 13:45:06 -0700},
	Journal = {First language},
	Number = {12},
	Pages = {197--211},
	Publisher = {Sage Publications},
	Title = {Joint attention and lexical acquisition style},
	Volume = {4},
	Year = {1983}}

@article{fernald1985,
	Author = {Fernald, Anne},
	Date-Added = {2013-09-11 15:34:44 -0400},
	Date-Modified = {2013-09-30 23:33:48 -0700},
	Journal = {Infant Behavior and Development},
	Number = {2},
	Pages = {181--195},
	Publisher = {Elsevier},
	Title = {Four-month-old infants prefer to listen to motherese},
	Volume = {8},
	Year = {1985}}

@article{fernald1987,
	Author = {Fernald, Anne and Kuhl, Patricia},
	Date-Added = {2013-09-11 15:33:48 -0400},
	Date-Modified = {2013-09-11 15:36:53 -0400},
	Journal = {Infant Behavior and Development},
	Number = {3},
	Pages = {279--293},
	Publisher = {Elsevier},
	Title = {Acoustic determinants of infant preference for motherese speech},
	Volume = {10},
	Year = {1987}}

@article{nazzi1998,
	Author = {Nazzi, Thierry and Floccia, Caroline and Bertoncini, Josiane},
	Date-Added = {2013-09-11 15:30:37 -0400},
	Date-Modified = {2013-09-11 15:38:31 -0400},
	Journal = {Infant Behavior and Development},
	Number = {4},
	Pages = {779--784},
	Publisher = {Elsevier},
	Title = {Discrimination of pitch contours by neonates},
	Volume = {21},
	Year = {1998}}

@article{christophe2001,
	Author = {Christophe, Anne and Mehler, Jacques and Sebasti{\'a}n-Gall{\'e}s, N{\'u}ria},
	Date-Added = {2013-09-11 15:30:25 -0400},
	Date-Modified = {2013-09-11 15:38:43 -0400},
	Journal = {Infancy},
	Number = {3},
	Pages = {385--394},
	Publisher = {Wiley Online Library},
	Title = {Perception of prosodic boundary correlates by newborn infants},
	Volume = {2},
	Year = {2001}}

@article{speer2009,
	Author = {Speer, Shari R and Ito, Kiwako},
	Date-Added = {2013-09-08 22:18:50 -0400},
	Date-Modified = {2013-09-08 22:18:57 -0400},
	Journal = {Language and Linguistics Compass},
	Number = {1},
	Pages = {90--110},
	Publisher = {Wiley Online Library},
	Title = {Prosody in first language acquisition--Acquiring intonation as a tool to organize information in conversation},
	Volume = {3},
	Year = {2009}}

@article{zhou2012,
	Author = {Zhou, Peng and Crain, Stephen and Zhan, Likan},
	Date-Added = {2013-09-08 22:16:59 -0400},
	Date-Modified = {2013-09-08 22:17:09 -0400},
	Journal = {Journal of Memory and Language},
	Number = {1},
	Pages = {149--164},
	Publisher = {Elsevier},
	Title = {Sometimes children are as good as adults: The pragmatic use of prosody in childrens on-line sentence processing},
	Volume = {67},
	Year = {2012}}

@article{snedeker2004,
	Author = {Snedeker, Jesse and Trueswell, John C},
	Date-Added = {2013-09-08 22:03:23 -0400},
	Date-Modified = {2013-09-08 22:08:23 -0400},
	Journal = {Cognitive Psychology},
	Number = {3},
	Pages = {238--299},
	Publisher = {Elsevier},
	Title = {The developing constraints on parsing decisions: The role of lexical-biases and referential scenes in child and adult sentence processing},
	Volume = {49},
	Year = {2004}}

@article{snedeker2008,
	Author = {Snedeker, Jesse and Yuan, Sylvia},
	Date-Added = {2013-09-08 22:03:16 -0400},
	Date-Modified = {2013-09-08 22:08:47 -0400},
	Journal = {Journal of Memory and Language},
	Number = {2},
	Pages = {574--608},
	Publisher = {Elsevier},
	Title = {Effects of prosodic and lexical constraints on parsing in young children (and adults)},
	Volume = {58},
	Year = {2008}}

@article{snedeker2003,
	Author = {Snedeker, Jesse and Trueswell, John},
	Date-Added = {2013-09-08 21:54:35 -0400},
	Date-Modified = {2013-09-08 21:54:45 -0400},
	Journal = {Journal of Memory and Language},
	Number = {1},
	Pages = {103--130},
	Publisher = {Elsevier},
	Title = {Using prosody to avoid ambiguity: Effects of speaker awareness and referential context},
	Volume = {48},
	Year = {2003}}

@article{kempe2010,
	Author = {Kempe, Vera and Schaeffler, Sonja and Thoresen, John C},
	Date-Added = {2013-09-08 21:46:07 -0400},
	Date-Modified = {2013-09-08 21:46:15 -0400},
	Journal = {Journal of Memory and Language},
	Number = {2},
	Pages = {204--225},
	Publisher = {Elsevier},
	Title = {Prosodic disambiguation in child-directed speech},
	Volume = {62},
	Year = {2010}}

@article{ito2008,
	Author = {Ito, Kiwako and Speer, Shari R},
	Date-Added = {2013-09-08 21:44:01 -0400},
	Date-Modified = {2013-09-08 21:45:59 -0400},
	Journal = {Journal of Memory and Language},
	Number = {2},
	Pages = {541--573},
	Publisher = {Elsevier},
	Title = {Anticipatory effects of intonation: Eye movements during instructed visual search},
	Volume = {58},
	Year = {2008}}

@article{hupp2013,
	Author = {Hupp, Julie M and Jungers, Melissa K},
	Date-Added = {2013-09-08 21:42:30 -0400},
	Date-Modified = {2013-09-30 23:39:42 -0700},
	Journal = {Journal of Experimental Child Psychology},
	Publisher = {Elsevier},
	Title = {Beyond words: Comprehension and production of pragmatic prosody in adults and children},
	Year = {2013}}

@article{hornby1973,
	Author = {Hornby, Peter A},
	Date-Added = {2013-09-08 18:21:55 -0400},
	Date-Modified = {2013-09-08 18:22:14 -0400},
	Publisher = {ERIC},
	Title = {Intonation and Syntactic Structure in the Development of Presupposition.},
	Year = {1973}}

@article{cutler1987,
	Author = {Cutler, Anne and Swinney, David A},
	Date-Added = {2013-09-08 18:09:31 -0400},
	Date-Modified = {2013-09-08 18:10:01 -0400},
	Journal = {Journal of Child Language},
	Number = {1},
	Pages = {145--167},
	Publisher = {Cambridge Univ Press},
	Title = {Prosody and the development of comprehension},
	Volume = {14},
	Year = {1987}}

@article{wells2004,
	Author = {Wells, Bill and Peppe, Sue and Goulandris, Nata and others},
	Date-Added = {2013-09-05 16:17:08 -0400},
	Date-Modified = {2013-09-05 16:17:16 -0400},
	Journal = {Journal of Child Language},
	Number = {4},
	Pages = {749--778},
	Publisher = {Cambridge Univ Press},
	Title = {Intonation development from five to thirteen},
	Volume = {31},
	Year = {2004}}

@article{prat2000,
	Author = {Prat-Sala, Merc{\`e} and Branigan, Holly P},
	Date-Added = {2013-09-05 16:11:29 -0400},
	Date-Modified = {2013-09-05 16:11:37 -0400},
	Journal = {Journal of Memory and Language},
	Number = {2},
	Pages = {168--182},
	Publisher = {Elsevier},
	Title = {Discourse constraints on syntactic processing in language production: A cross-linguistic study in English and Spanish},
	Volume = {42},
	Year = {2000}}

@article{macwhinney1978,
	Author = {MacWhinney, Brian and Bates, Elizabeth},
	Date-Added = {2013-09-05 15:59:03 -0400},
	Date-Modified = {2013-09-05 15:59:11 -0400},
	Journal = {Journal of Verbal Learning and Verbal Behavior},
	Number = {5},
	Pages = {539--558},
	Publisher = {Elsevier},
	Title = {Sentential devices for conveying givenness and newness: A cross-cultural developmental study},
	Volume = {17},
	Year = {1978}}

@article{cutler1977,
	Author = {Cutler, Anne and Foss, Donald J},
	Date-Added = {2013-09-05 15:57:03 -0400},
	Date-Modified = {2013-09-05 15:57:10 -0400},
	Journal = {Language and Speech},
	Number = {1},
	Pages = {1--10},
	Publisher = {SAGE Publications},
	Title = {On the role of sentence stress in sentence processing},
	Volume = {20},
	Year = {1977}}

@article{samuelson2011,
	Author = {Samuelson, Larissa K and Smith, Linda B and Perry, Lynn K and Spencer, John P},
	Date-Added = {2013-09-05 15:48:21 -0400},
	Date-Modified = {2013-09-05 15:48:28 -0400},
	Journal = {PloS one},
	Number = {12},
	Pages = {e28095},
	Publisher = {Public Library of Science},
	Title = {Grounding word learning in space},
	Volume = {6},
	Year = {2011}}

@article{tomasello2000,
	Author = {Tomasello, Michael},
	Date-Added = {2013-09-05 15:36:36 -0400},
	Date-Modified = {2013-09-05 15:36:44 -0400},
	Journal = {Pragmatics},
	Number = {4},
	Title = {The social-pragmatic theory of word learning},
	Volume = {10},
	Year = {2000}}

@article{jaswal2006,
	Author = {Jaswal, Vikram K and Hansen, Mikkel B},
	Date-Added = {2013-09-05 15:33:30 -0400},
	Date-Modified = {2013-09-05 15:36:29 -0400},
	Journal = {Developmental Science},
	Number = {2},
	Pages = {158--165},
	Publisher = {Wiley Online Library},
	Title = {Learning words: Children disregard some pragmatic information that conflicts with mutual exclusivity},
	Volume = {9},
	Year = {2006}}

@article{paris1976,
	Author = {Paris, Scott G and Upton, Laurence R},
	Date-Added = {2013-09-05 15:21:27 -0400},
	Date-Modified = {2013-09-05 15:21:35 -0400},
	Journal = {Child Development},
	Pages = {660--668},
	Publisher = {JSTOR},
	Title = {Children's memory for inferential relationships in prose},
	Year = {1976}}

@article{arnold2007,
	Author = {Arnold, Jennifer E and Brown-Schmidt, Sarah and Trueswell, John},
	Date-Added = {2013-09-05 14:40:10 -0400},
	Date-Modified = {2013-09-05 14:40:37 -0400},
	Journal = {Language and Cognitive Processes},
	Number = {4},
	Pages = {527--565},
	Publisher = {Taylor \& Francis},
	Title = {Children's use of gender and order-of-mention during pronoun comprehension},
	Volume = {22},
	Year = {2007}}

@article{trueswell1999,
	Author = {Trueswell, John C and Sekerina, Irina and Hill, Nicole M and Logrip, Marian L},
	Date-Added = {2013-09-04 15:30:08 -0400},
	Date-Modified = {2013-09-04 15:30:17 -0400},
	Journal = {Cognition},
	Number = {2},
	Pages = {89--134},
	Publisher = {Elsevier},
	Title = {The kindergarten-path effect: Studying on-line sentence processing in young children},
	Volume = {73},
	Year = {1999}}

@article{hurewitz2000,
	Author = {Hurewitz, Felicia and Brown-Schmidt, Sarah and Thorpe, Kirsten and Gleitman, Lila R and Trueswell, John C},
	Date-Added = {2013-09-04 15:28:31 -0400},
	Date-Modified = {2013-09-04 15:28:43 -0400},
	Journal = {Journal of Psycholinguistic Research},
	Number = {6},
	Pages = {597--626},
	Publisher = {Springer},
	Title = {One frog, two frog, red frog, blue frog: Factors affecting children's syntactic choices in production and comprehension},
	Volume = {29},
	Year = {2000}}

@article{brooks2005,
	Author = {Brooks, Rechele and Meltzoff, Andrew N},
	Date-Added = {2013-09-04 15:07:24 -0400},
	Date-Modified = {2013-09-04 15:07:34 -0400},
	Journal = {Developmental science},
	Number = {6},
	Pages = {535--543},
	Publisher = {Wiley Online Library},
	Title = {The development of gaze following and its relation to language},
	Volume = {8},
	Year = {2005}}

@article{brooks2002,
	Author = {Brooks, Rechele and Meltzoff, Andrew N},
	Date-Added = {2013-09-04 15:00:42 -0400},
	Date-Modified = {2013-09-30 23:29:37 -0700},
	Journal = {Developmental Psychology},
	Number = {6},
	Pages = {958},
	Publisher = {American Psychological Association},
	Title = {The importance of eyes: how infants interpret adult looking behavior.},
	Volume = {38},
	Year = {2002}}

@article{serratrice2008,
	Author = {Serratrice, Ludovica},
	Date-Added = {2013-09-04 14:45:12 -0400},
	Date-Modified = {2013-09-04 14:45:20 -0400},
	Journal = {Language Learning and Development},
	Number = {4},
	Pages = {309--332},
	Publisher = {Taylor \& Francis},
	Title = {The role of discourse and perceptual cues in the choice of referential expressions in English preschoolers, school-age children, and adults},
	Volume = {4},
	Year = {2008}}

@article{pyykkonen2010,
	Author = {Pyykk{\"o}nen, Pirita and Matthews, Danielle and J{\"a}rvikivi, Juhani},
	Date-Added = {2013-09-04 14:40:49 -0400},
	Date-Modified = {2013-09-04 14:40:55 -0400},
	Journal = {Language and Cognitive Processes},
	Number = {1},
	Pages = {115--129},
	Publisher = {Taylor \& Francis},
	Title = {Three-year-olds are sensitive to semantic prominence during online language comprehension: A visual world study of pronoun resolution},
	Volume = {25},
	Year = {2010}}

@article{song2007,
	Author = {Song, Hyun-joo and Fisher, Cynthia},
	Date-Added = {2013-09-04 14:38:35 -0400},
	Date-Modified = {2013-09-04 14:38:43 -0400},
	Journal = {Lingua},
	Number = {11},
	Pages = {1959--1987},
	Publisher = {Elsevier},
	Title = {Discourse prominence effects on 2.5-year-old children's interpretation of pronouns},
	Volume = {117},
	Year = {2007}}

@article{song2005,
	Author = {Song, Hyun-Joo and Fisher, Cynthia},
	Date-Added = {2013-09-04 14:38:32 -0400},
	Date-Modified = {2013-10-06 22:42:42 -0700},
	Journal = {Journal of Memory and Language},
	Number = {1},
	Pages = {29--57},
	Publisher = {Elsevier},
	Title = {Who's she? Discourse prominence influences preschoolers comprehension of pronouns},
	Volume = {52},
	Year = {2005}}

@article{skarabela2007signs,
	Author = {Skarabela, Barbora},
	Date-Added = {2013-09-04 14:29:39 -0400},
	Date-Modified = {2013-09-04 14:29:39 -0400},
	Journal = {Lingua},
	Number = {11},
	Pages = {1837--1857},
	Publisher = {Elsevier},
	Title = {Signs of early social cognition in children's syntax: The case of joint attention in argument realization in child Inuktitut},
	Volume = {117},
	Year = {2007}}

@article{horowitzfrank,
	Author = {Horowitz, Alexandra C and Frank, Michael C},
	Date-Added = {2013-09-04 14:03:28 -0400},
	Date-Modified = {2013-09-30 23:39:26 -0700},
	Title = {Young Children's Developing Sensitivity to Discourse Continuity as a Cue to Reference}}

@article{frank2013,
	Author = {Frank, Michael C and Tenenbaum, Joshua B and Fernald, Anne},
	Date-Added = {2013-09-04 14:01:34 -0400},
	Date-Modified = {2013-09-04 14:01:41 -0400},
	Journal = {Language Learning and Development},
	Number = {1},
	Pages = {1--24},
	Publisher = {Taylor \& Francis},
	Title = {Social and discourse contributions to the determination of reference in cross-situational word learning},
	Volume = {9},
	Year = {2013}}

@article{samuelson1998,
	Author = {Samuelson, Larissa K and Smith, Linda B},
	Date-Added = {2013-09-04 12:27:04 -0400},
	Date-Modified = {2013-09-04 12:27:11 -0400},
	Journal = {Child Development},
	Number = {1},
	Pages = {94--104},
	Publisher = {Wiley Online Library},
	Title = {Memory and attention make smart word learning: An alternative account of Akhtar, Carpenter, and Tomasello},
	Volume = {69},
	Year = {1998}}

@article{estes2007,
	Author = {Estes, Katharine Graf and Evans, Julia L and Alibali, Martha W and Saffran, Jenny R},
	Date-Added = {2013-09-04 11:14:59 -0400},
	Date-Modified = {2013-09-04 11:15:07 -0400},
	Journal = {Psychological Science},
	Number = {3},
	Pages = {254--260},
	Publisher = {SAGE Publications},
	Title = {Can infants map meaning to newly segmented words? Statistical segmentation and word learning},
	Volume = {18},
	Year = {2007}}

@article{saffran2001,
	Author = {Saffran, Jenny R},
	Date-Added = {2013-09-04 11:11:59 -0400},
	Date-Modified = {2013-09-04 11:12:08 -0400},
	Journal = {Journal of Memory and Language},
	Number = {4},
	Pages = {493--515},
	Publisher = {Elsevier},
	Title = {The use of predictive dependencies in language learning},
	Volume = {44},
	Year = {2001}}

@article{saffran1996,
	Author = {Saffran, Jenny R and Aslin, Richard N and Newport, Elissa L},
	Date-Added = {2013-09-04 11:04:30 -0400},
	Date-Modified = {2013-09-04 11:04:39 -0400},
	Journal = {Science},
	Number = {5294},
	Pages = {1926--1928},
	Publisher = {American Association for the Advancement of Science},
	Title = {Statistical learning by 8-month-old infants},
	Volume = {274},
	Year = {1996}}

@article{mintz2002,
	Author = {Mintz, Toben H and Gleitman, Lila R},
	Date-Added = {2013-08-23 11:26:17 -0700},
	Date-Modified = {2013-08-23 11:26:36 -0700},
	Journal = {Cognition},
	Number = {3},
	Pages = {267--293},
	Publisher = {Elsevier},
	Title = {Adjectives really do modify nouns: The incremental and restricted nature of early adjective acquisition},
	Volume = {84},
	Year = {2002}}

@article{meins2007,
	Author = {Meins, Elizabeth and Fernyhough, Charles},
	Date-Added = {2013-08-23 11:01:24 -0700},
	Date-Modified = {2013-08-23 11:01:51 -0700},
	Journal = {Cognitive Development},
	Number = {2},
	Pages = {289--297},
	Publisher = {Elsevier},
	Title = {Preschoolers understanding of multiple orientations to reality: The adjectives task},
	Volume = {22},
	Year = {2007}}

@article{martin1972,
	Author = {Martin, James E and Molfese, Dennis L},
	Date-Added = {2013-08-23 10:38:31 -0700},
	Date-Modified = {2013-08-23 10:38:46 -0700},
	Journal = {Journal of Verbal Learning and Verbal Behavior},
	Number = {3},
	Pages = {287--292},
	Publisher = {Elsevier},
	Title = {Preferred adjective ordering in very young children},
	Volume = {11},
	Year = {1972}}

@article{marschark1977,
	Author = {Marschark, Marc},
	Date-Added = {2013-08-23 10:33:07 -0700},
	Date-Modified = {2013-08-23 10:33:19 -0700},
	Journal = {Child Development},
	Pages = {1049--1051},
	Publisher = {JSTOR},
	Title = {Lexical marking and the acquisition of relational size concepts},
	Year = {1977}}

@article{manders2002,
	Author = {Manders, KATHERINE and Hall, D GEOFFREY},
	Date-Added = {2013-08-22 18:49:43 -0700},
	Date-Modified = {2013-09-30 23:40:46 -0700},
	Journal = {Journal of Child Language},
	Number = {04},
	Pages = {923--937},
	Publisher = {Cambridge Univ Press},
	Title = {Comparison, basic-level categories, and the teaching of adjectives},
	Volume = {29},
	Year = {2002}}

@article{klatzky1973,
	Author = {Klatzky, Roberta L and Clark, Eve V and Macken, Marlys},
	Date-Added = {2013-08-22 18:35:20 -0700},
	Date-Modified = {2013-08-22 18:36:01 -0700},
	Journal = {Journal of Experimental Child Psychology},
	Number = {1},
	Pages = {32--46},
	Publisher = {Elsevier},
	Title = {Asymmetries in the acquisition of polar adjectives: Linguistic or conceptual?},
	Volume = {16},
	Year = {1973}}

@article{hiramatsu2010,
	Author = {Hiramatsu, Kazuko and Rulf, Keli E and Epstein, Samuel D},
	Date-Added = {2013-08-22 18:31:18 -0700},
	Date-Modified = {2013-09-30 23:38:20 -0700},
	Journal = {Lingua},
	Number = {5},
	Pages = {1209--1218},
	Publisher = {Elsevier},
	Title = {When knowledge causes failure: Children's extension of novel adjectives and the interpretation of one.},
	Volume = {120},
	Year = {2010}}

@article{graham2012,
	Author = {Graham, Susan A and Booth, Amy E and Waxman, Sandra R},
	Date-Added = {2013-08-22 18:14:05 -0700},
	Date-Modified = {2013-08-22 18:14:20 -0700},
	Journal = {Language Learning and Development},
	Number = {2},
	Pages = {136--145},
	Publisher = {Taylor \& Francis},
	Title = {Words are not merely features: Only consistently applied nouns guide 4-year-olds' inferences about object categories},
	Volume = {8},
	Year = {2012}}

@article{fernald2010,
	Author = {Fernald, Anne and Thorpe, Kirsten and Marchman, Virginia A},
	Date-Added = {2013-08-22 18:09:33 -0700},
	Date-Modified = {2013-09-30 23:34:08 -0700},
	Journal = {Cognitive Psychology},
	Number = {3},
	Pages = {190--217},
	Publisher = {Elsevier},
	Title = {Blue car, red car: Developing efficiency in online interpretation of adjective--noun phrases},
	Volume = {60},
	Year = {2010}}

@article{diesendruck2006,
	Author = {Diesendruck, Gil and Hall, D Geoffrey and Graham, Susan A},
	Date-Added = {2013-08-22 17:59:51 -0700},
	Date-Modified = {2013-08-22 18:02:02 -0700},
	Journal = {Child Development},
	Number = {1},
	Pages = {16--30},
	Publisher = {Wiley Online Library},
	Title = {Children's use of syntactic and pragmatic knowledge in the interpretation of novel adjectives},
	Volume = {77},
	Year = {2006}}

@article{corrigan2008,
	Author = {Corrigan, Roberta},
	Date-Added = {2013-08-22 16:26:28 -0700},
	Date-Modified = {2013-09-30 23:32:26 -0700},
	Journal = {Journal of Child Language},
	Number = {1},
	Pages = {159},
	Publisher = {Cambridge Univ Press},
	Title = {Conveying information about adjective meanings in spoken discourse},
	Volume = {35},
	Year = {2008}}

@article{danks1972,
	Author = {Danks, Joseph H and Schwenk, Mary Ann},
	Date-Added = {2013-08-22 16:18:39 -0700},
	Date-Modified = {2013-08-22 16:18:54 -0700},
	Journal = {Journal of Verbal Learning and Verbal Behavior},
	Number = {2},
	Pages = {183--187},
	Publisher = {Elsevier},
	Title = {Prenominal adjective order and communication context},
	Volume = {11},
	Year = {1972}}

@article{bacharach1974,
	Author = {Bacharach, Verne R and Maisto, Albert A},
	Date-Added = {2013-08-22 16:03:38 -0700},
	Date-Modified = {2013-08-22 16:04:13 -0700},
	Journal = {Journal of Experimental Child Psychology},
	Number = {3},
	Pages = {495--506},
	Publisher = {Elsevier},
	Title = {Prenominal adjective order and visual discrimination in children},
	Volume = {17},
	Year = {1974}}

@article{belke2006,
	Author = {Belke, Eva},
	Date-Added = {2013-08-22 15:55:01 -0700},
	Date-Modified = {2013-08-22 15:55:11 -0700},
	Journal = {Visual cognition},
	Number = {3},
	Pages = {261--294},
	Publisher = {Taylor \& Francis},
	Title = {Visual determinants of preferred adjective order},
	Volume = {14},
	Year = {2006}}

@article{carey1978,
	Author = {Carey, Susan and Bartlett, Elsa},
	Date-Added = {2013-08-22 15:20:01 -0700},
	Date-Modified = {2013-09-30 23:31:10 -0700},
	Journal = {Papers and Reports on Child Language Development},
	Pages = {17--29},
	Publisher = {ERIC},
	Title = {Acquiring a single new word.},
	Volume = {15},
	Year = {1978}}

@article{heibeck1987,
	Author = {Heibeck, Tracy H and Markman, Ellen M},
	Date-Added = {2013-08-22 15:16:01 -0700},
	Date-Modified = {2013-09-30 23:34:50 -0700},
	Journal = {Child Development},
	Pages = {1021--1034},
	Publisher = {JSTOR},
	Title = {Word learning in children: An examination of fast mapping},
	Year = {1987}}

@article{akhtar2002,
	Author = {Akhtar, Nameera},
	Date-Added = {2013-08-22 15:01:51 -0700},
	Date-Modified = {2013-09-30 23:26:48 -0700},
	Journal = {Journal of Child Language},
	Number = {3},
	Pages = {677--686},
	Publisher = {Cambridge Univ Press},
	Title = {Relevance and early word learning},
	Volume = {29},
	Year = {2002}}

@article{au1987,
	Author = {Au, Terry Kit-fong and Markman, Ellen M},
	Date-Added = {2013-08-22 14:49:46 -0700},
	Date-Modified = {2013-08-22 14:49:57 -0700},
	Journal = {Cognitive Development},
	Number = {3},
	Pages = {217--236},
	Publisher = {Elsevier},
	Title = {Acquiring word meanings via linguistic contrast},
	Volume = {2},
	Year = {1987}}

@article{clark1972,
	Author = {Clark, Eve V},
	Date-Added = {2013-08-22 12:17:04 -0700},
	Date-Modified = {2013-08-22 12:17:14 -0700},
	Journal = {Journal of Verbal Learning and Verbal Behavior},
	Number = {6},
	Pages = {750--758},
	Publisher = {Elsevier},
	Title = {On the child's acquisition of antonyms in two semantic fields},
	Volume = {11},
	Year = {1972}}

@article{clark1985,
	Author = {Clark, Eve V and Gelman, Susan A and Lane, Nancy M},
	Date-Added = {2013-08-22 12:08:54 -0700},
	Date-Modified = {2013-08-22 12:09:03 -0700},
	Journal = {Child Development},
	Pages = {84--94},
	Publisher = {JSTOR},
	Title = {Compound nouns and category structure in young children},
	Year = {1985}}

@article{clark1987,
	Author = {Clark, Eve V},
	Date-Added = {2013-08-22 11:46:15 -0700},
	Date-Modified = {2013-09-30 23:32:03 -0700},
	Journal = {Mechanisms of Language Acquisition. Hillsdale, NJ: Erlbaum},
	Title = {The principle of contrast: A constraint on language acquisition},
	Year = {1987}}

@article{brooks2013,
	Author = {Brooks, Neon and Audet, Jennifer and Barner, David},
	Date-Added = {2013-08-21 17:49:19 -0700},
	Date-Modified = {2013-08-22 10:43:05 -0700},
	Journal = {Developmental Psychology},
	Number = {6},
	Pages = {1066},
	Publisher = {American Psychological Association},
	Title = {Pragmatic inference, not semantic competence, guides 3-year-olds' interpretation of unknown number words.},
	Volume = {49},
	Year = {2013}}

@article{barner2010inference,
	Author = {Barner, David and Bachrach, Asaf},
	Date-Added = {2013-08-20 20:17:18 -0700},
	Date-Modified = {2013-08-20 20:17:18 -0700},
	Journal = {Cognitive psychology},
	Number = {1},
	Pages = {40--62},
	Publisher = {Elsevier},
	Title = {Inference and exact numerical representation in early language development},
	Volume = {60},
	Year = {2010}}

@article{bion2012,
	Author = {Bion, Ricardo AH and Borovsky, Arielle and Fernald, Anne},
	Date-Added = {2013-08-20 17:08:08 -0700},
	Date-Modified = {2013-08-20 17:08:27 -0700},
	Journal = {Cognition},
	Publisher = {Elsevier},
	Title = {Fast mapping, slow learning: Disambiguation of novel word--object mappings in relation to vocabulary learning at 18, 24, and 30months},
	Year = {2012}}

@article{carpenter1998,
	Author = {Carpenter, Malinda and Akhtar, Nameera and Tomasello, Michael},
	Date-Added = {2013-08-20 16:42:08 -0700},
	Date-Modified = {2013-08-20 16:42:16 -0700},
	Journal = {Infant Behavior and Development},
	Number = {2},
	Pages = {315--330},
	Publisher = {Elsevier},
	Title = {Fourteen-through 18-month-old infants differentially imitate intentional and accidental actions},
	Volume = {21},
	Year = {1998}}

@article{tomasello1994,
	Author = {Tomasello, Michael and Barton, Michelle E},
	Date-Added = {2013-08-20 16:39:49 -0700},
	Date-Modified = {2013-09-30 23:47:40 -0700},
	Journal = {Developmental Psychology},
	Number = {5},
	Pages = {639},
	Publisher = {American Psychological Association},
	Title = {Learning words in nonostensive contexts.},
	Volume = {30},
	Year = {1994}}

@article{hamann2012,
	Author = {Hamann, Katharina and Warneken, Felix and Tomasello, Michael},
	Date-Added = {2013-08-20 16:36:32 -0700},
	Date-Modified = {2013-08-20 16:36:43 -0700},
	Journal = {Child development},
	Number = {1},
	Pages = {137--145},
	Publisher = {Wiley Online Library},
	Title = {Childrens developing commitments to joint goals},
	Volume = {83},
	Year = {2012}}

@article{baldwin1993early,
	Author = {Baldwin, Dare A},
	Date-Added = {2013-08-20 16:25:30 -0700},
	Date-Modified = {2013-09-30 23:28:24 -0700},
	Journal = {Developmental Psychology},
	Number = {5},
	Pages = {832},
	Publisher = {American Psychological Association},
	Title = {Early referential understanding: Infants' ability to recognize referential acts for what they are.},
	Volume = {29},
	Year = {1993}}

@article{baldwin1993infants,
	Author = {Baldwin, Dare A},
	Date-Added = {2013-08-20 16:11:27 -0700},
	Date-Modified = {2013-09-30 23:28:34 -0700},
	Journal = {Journal of Child Language},
	Number = {02},
	Pages = {395--418},
	Publisher = {Cambridge Univ Press},
	Title = {Infants' ability to consult the speaker for clues to word reference},
	Volume = {20},
	Year = {1993}}

@article{baldwin1991,
	Author = {Baldwin, Dare A},
	Date-Added = {2013-08-20 16:11:25 -0700},
	Date-Modified = {2013-09-30 23:28:16 -0700},
	Journal = {Child Development},
	Number = {5},
	Pages = {874--890},
	Publisher = {Wiley Online Library},
	Title = {Infants' contribution to the achievement of joint reference},
	Volume = {62},
	Year = {1991}}

@article{scofield2011,
	Author = {Scofield, Jason and Behrend, Douglas A},
	Date-Added = {2013-08-20 16:05:51 -0700},
	Date-Modified = {2013-08-20 16:10:54 -0700},
	Journal = {First Language},
	Number = {3},
	Pages = {326--341},
	Publisher = {SAGE Publications},
	Title = {Clarifying the role of joint attention in early word learning},
	Volume = {31},
	Year = {2011}}

@article{gredeback2010,
	Author = {Gredeb{\"a}ck, Gustaf and Fikke, Linn and Melinder, Annika},
	Date-Added = {2013-08-20 15:49:46 -0700},
	Date-Modified = {2013-09-30 23:34:27 -0700},
	Journal = {Developmental Science},
	Number = {6},
	Pages = {839--848},
	Publisher = {Wiley Online Library},
	Title = {The development of joint visual attention: a longitudinal study of gaze following during interactions with mothers and strangers},
	Volume = {13},
	Year = {2010}}

@article{behne2005,
	Author = {Behne, Tanya and Carpenter, Malinda and Tomasello, Michael},
	Date-Added = {2013-08-20 15:43:54 -0700},
	Date-Modified = {2013-09-30 23:29:02 -0700},
	Journal = {Developmental Science},
	Number = {6},
	Pages = {492--499},
	Publisher = {Wiley Online Library},
	Title = {One-year-olds comprehend the communicative intentions behind gestures in a hiding game},
	Volume = {8},
	Year = {2005}}

@article{liszkowski2006,
	Author = {Liszkowski, Ulf and Carpenter, Malinda and Striano, Tricia and Tomasello, Michael},
	Date-Added = {2013-08-20 15:28:56 -0700},
	Date-Modified = {2013-08-20 15:29:05 -0700},
	Journal = {Journal of Cognition and Development},
	Number = {2},
	Pages = {173--187},
	Publisher = {Taylor \& Francis},
	Title = {12-and 18-month-olds point to provide information for others},
	Volume = {7},
	Year = {2006}}

@article{hollich2000,
	Author = {Hollich, George J and Hirsh-Pasek, Kathy and Golinkoff, Roberta Michnick and Brand, Rebecca J and Brown, Ellie and Chung, He Len and Hennon, Elizabeth and Rocroi, Camille and Bloom, Lois},
	Date-Added = {2013-08-20 15:24:20 -0700},
	Date-Modified = {2013-09-30 23:38:43 -0700},
	Journal = {Monographs of the Society for Research in Child Development},
	Pages = {i--135},
	Publisher = {JSTOR},
	Title = {Breaking the language barrier: An emergentist coalition model for the origins of word learning},
	Year = {2000}}

@article{matthews2012origins,
	Author = {Matthews, Danielle and Behne, Tanya and Lieven, Elena and Tomasello, Michael},
	Date-Added = {2013-08-20 15:21:12 -0700},
	Date-Modified = {2013-09-30 23:41:56 -0700},
	Journal = {Developmental Science},
	Number = {6},
	Pages = {817--829},
	Publisher = {Wiley Online Library},
	Title = {Origins of the human pointing gesture: a training study},
	Volume = {15},
	Year = {2012}}

@article{jaffe2001,
	Author = {Jaffe, Joseph and Beebe, Beatrice and Feldstein, Stanley and Crown, Cynthia L and Jasnow, Michael D and Rochat, Philippe and Stern, Daniel N},
	Date-Added = {2013-08-20 15:11:13 -0700},
	Date-Modified = {2013-08-20 15:11:26 -0700},
	Journal = {Monographs of the society for research in child development},
	Pages = {i--149},
	Publisher = {JSTOR},
	Title = {Rhythms of dialogue in infancy: Coordinated timing in development},
	Year = {2001}}

@article{csibra2010,
	Author = {Csibra, Gergely},
	Date-Added = {2013-08-20 14:57:26 -0700},
	Date-Modified = {2013-08-20 14:57:34 -0700},
	Journal = {Mind \& Language},
	Number = {2},
	Pages = {141--168},
	Publisher = {Wiley Online Library},
	Title = {Recognizing communicative intentions in infancy},
	Volume = {25},
	Year = {2010}}

@article{bakeman1986,
	Author = {Bakeman, Roger and Adamson, Lauren B},
	Date-Added = {2013-08-20 14:57:01 -0700},
	Date-Modified = {2013-08-20 14:57:10 -0700},
	Journal = {Infant Behavior and Development},
	Number = {2},
	Pages = {215--230},
	Publisher = {Elsevier},
	Title = {Infants' conventionalized acts: Gestures and words with mothers and peers},
	Volume = {9},
	Year = {1986}}

@article{bakeman1984,
	Author = {Bakeman, Roger and Adamson, Lauren B},
	Date-Added = {2013-08-20 14:53:22 -0700},
	Date-Modified = {2013-09-30 23:27:43 -0700},
	Journal = {Child Development},
	Pages = {1278--1289},
	Publisher = {JSTOR},
	Title = {Coordinating attention to people and objects in mother-infant and peer-infant interaction},
	Year = {1984}}

@article{matthews2012,
	Author = {Matthews, Danielle and Butcher, Jessica and Lieven, Elena and Tomasello, Michael},
	Date-Added = {2013-08-20 13:19:16 -0700},
	Date-Modified = {2013-09-30 23:41:25 -0700},
	Journal = {Topics in Cognitive Science},
	Number = {2},
	Pages = {184--210},
	Publisher = {Wiley Online Library},
	Title = {Two-and Four-Year-Olds Learn to Adapt Referring Expressions to Context: Effects of Distracters and Feedback on Referential Communication},
	Volume = {4},
	Year = {2012}}

@article{ackerman1978,
	Author = {Ackerman, Brian P},
	Date-Added = {2013-08-20 12:09:26 -0700},
	Date-Modified = {2013-08-20 12:23:41 -0700},
	Journal = {Journal of Experimental Child Psychology},
	Number = {1},
	Pages = {92--114},
	Publisher = {Elsevier},
	Title = {Children's comprehension of presupposed information: Logical and pragmatic inferences to speaker belief},
	Volume = {26},
	Year = {1978}}

@article{robinson1985,
	Author = {Robinson, EJ and Robinson, WP},
	Date-Added = {2013-08-20 12:08:41 -0700},
	Date-Modified = {2013-08-20 13:17:17 -0700},
	Journal = {International journal of behavioral development},
	Number = {3},
	Pages = {285--299},
	Publisher = {Sage Publications},
	Title = {Teaching children about verbal referential communication},
	Volume = {8},
	Year = {1985}}

@article{robinson1977development,
	Author = {Robinson, EJ and Robinson, WP},
	Date-Added = {2013-08-20 12:08:02 -0700},
	Date-Modified = {2013-08-20 12:08:02 -0700},
	Journal = {Cognition},
	Number = {4},
	Pages = {363--378},
	Publisher = {Elsevier},
	Title = {Development in the understanding of causes of success and failure in verbal communication},
	Volume = {5},
	Year = {1977}}

@article{robinson1977children,
	Author = {Robinson, Elizabeth J and Robinson, W Peter},
	Date-Added = {2013-08-20 12:07:44 -0700},
	Date-Modified = {2013-08-20 12:07:44 -0700},
	Journal = {Developmental Psychology},
	Number = {2},
	Pages = {156},
	Publisher = {American Psychological Association},
	Title = {Children's explanations of communication failure and the inadequacy of the misunderstood message.},
	Volume = {13},
	Year = {1977}}

@article{ackerman1979,
	Author = {Ackerman, Brian P},
	Date-Added = {2013-08-20 11:52:01 -0700},
	Date-Modified = {2013-08-20 12:01:19 -0700},
	Journal = {Journal of Experimental Child Psychology},
	Number = {1},
	Pages = {1--15},
	Publisher = {Elsevier},
	Title = {Children's understanding of definite descriptions: Pragmatic inferences to the speaker's intent},
	Volume = {28},
	Year = {1979}}

@article{whitehurst1981,
	Author = {Whitehurst, Grover J and Sonnenschein, Susan and Ianfolla, BJ},
	Date-Added = {2013-08-19 23:47:32 -0700},
	Date-Modified = {2013-08-19 23:47:42 -0700},
	Journal = {Child Development},
	Pages = {507--513},
	Publisher = {JSTOR},
	Title = {Learning to communicate from models: Children confuse length with information},
	Year = {1981}}

@article{deutsch1982,
	Author = {Deutsch, Werner and Pechmann, Thomas},
	Date-Added = {2013-08-19 22:34:22 -0700},
	Date-Modified = {2013-08-19 22:38:15 -0700},
	Journal = {Cognition},
	Number = {2},
	Pages = {159--184},
	Publisher = {Elsevier},
	Title = {Social interaction and the development of definite descriptions},
	Volume = {11},
	Year = {1982}}

@article{pechmann1982,
	Author = {Pechmann, Thomas and Deutsch, Werner},
	Date-Added = {2013-08-19 22:34:01 -0700},
	Date-Modified = {2013-09-30 23:42:40 -0700},
	Journal = {Journal of Experimental Child Psychology},
	Number = {2},
	Pages = {330--341},
	Publisher = {Elsevier},
	Title = {The development of verbal and nonverbal devices for reference},
	Volume = {34},
	Year = {1982}}

@article{davies2010,
	Author = {Davies, Catherine and Katsos, Napoleon},
	Date-Added = {2013-08-19 21:37:58 -0700},
	Date-Modified = {2013-08-19 21:38:06 -0700},
	Journal = {Lingua},
	Number = {8},
	Pages = {1956--1972},
	Publisher = {Elsevier},
	Title = {Over-informative children: Production/comprehension asymmetry or tolerance to pragmatic violations?},
	Volume = {120},
	Year = {2010}}

@article{beck2001,
	Author = {Beck, Sarah R and Robinson, Elizabeth J},
	Date-Added = {2013-08-19 21:26:41 -0700},
	Date-Modified = {2013-08-19 21:26:49 -0700},
	Journal = {Journal of Experimental Child Psychology},
	Number = {1},
	Pages = {95--114},
	Publisher = {Elsevier},
	Title = {Children's ability to make tentative interpretations of ambiguous messages},
	Volume = {79},
	Year = {2001}}

@article{beal1990,
	Author = {Beal, Carole R and Belgrad, Susan L},
	Date-Added = {2013-08-19 21:22:23 -0700},
	Date-Modified = {2013-08-19 21:22:37 -0700},
	Journal = {Child Development},
	Number = {3},
	Pages = {705--712},
	Publisher = {Wiley Online Library},
	Title = {The development of message evaluation skills in young children},
	Volume = {61},
	Year = {1990}}

@article{epley2004,
	Author = {Epley, Nicholas and Morewedge, Carey K and Keysar, Boaz},
	Date-Added = {2013-08-19 18:11:51 -0700},
	Date-Modified = {2013-08-19 18:11:59 -0700},
	Journal = {Journal of Experimental Social Psychology},
	Number = {6},
	Pages = {760--768},
	Publisher = {Elsevier},
	Title = {Perspective taking in children and adults: Equivalent egocentrism but differential correction},
	Volume = {40},
	Year = {2004}}

@article{nadig2002,
	Author = {Nadig, Aparna S and Sedivy, Julie C},
	Date-Added = {2013-08-19 17:19:49 -0700},
	Date-Modified = {2013-08-19 17:31:58 -0700},
	Journal = {Psychological Science},
	Number = {4},
	Pages = {329--336},
	Publisher = {SAGE Publications},
	Title = {Evidence of perspective-taking constraints in children's on-line reference resolution},
	Volume = {13},
	Year = {2002}}

@article{glucksberg1966,
	Author = {Glucksberg, Sam and Krauss, Robert M and Weisberg, Robert},
	Date-Added = {2013-08-19 16:59:01 -0700},
	Date-Modified = {2013-08-19 16:59:49 -0700},
	Journal = {Journal of Experimental Child Psychology},
	Number = {4},
	Pages = {333--342},
	Publisher = {Elsevier},
	Title = {Referential communication in nursery school children: Method and some preliminary findings},
	Volume = {3},
	Year = {1966}}

@article{clark1986,
	Author = {Clark, Herbert H and Wilkes-Gibbs, Deanna},
	Date-Added = {2013-08-19 16:48:36 -0700},
	Date-Modified = {2013-08-19 16:48:44 -0700},
	Journal = {Cognition},
	Number = {1},
	Pages = {1--39},
	Publisher = {Elsevier},
	Title = {Referring as a collaborative process},
	Volume = {22},
	Year = {1986}}

@article{wilkesgibbs1992,
	Author = {Wilkes-Gibbs, Deanna and Clark, Herbert H},
	Date-Added = {2013-08-19 16:33:10 -0700},
	Date-Modified = {2013-08-19 16:33:19 -0700},
	Journal = {Journal of Memory and Language},
	Number = {2},
	Pages = {183--194},
	Publisher = {Elsevier},
	Title = {Coordinating beliefs in conversation},
	Volume = {31},
	Year = {1992}}

@book{clark1996,
	Author = {Clark, Herbert H},
	Date-Added = {2013-08-19 16:17:28 -0700},
	Date-Modified = {2013-08-19 16:17:36 -0700},
	Publisher = {Cambridge University Press Cambridge},
	Title = {Using language},
	Volume = {4},
	Year = {1996}}

@article{pouscoulous2007,
	Author = {Pouscoulous, Nausicaa and Noveck, Ira A and Politzer, Guy and Bastide, Anne},
	Date-Added = {2013-08-19 15:13:55 -0700},
	Date-Modified = {2013-09-30 23:42:59 -0700},
	Journal = {Language Ascquisition},
	Number = {4},
	Pages = {347--375},
	Publisher = {Taylor \&amp; Francis},
	Title = {A developmental investigation of processing costs in implicature production},
	Volume = {14},
	Year = {2007}}

@inproceedings{stiller2011,
	Author = {Stiller, Alex and Goodman, Noah D and Frank, Michael C},
	Booktitle = {Proceedings of the 33rd Annual Meeting of the Cognitive Science Society, Boston, July},
	Date-Added = {2013-08-18 16:27:08 -0700},
	Date-Modified = {2013-08-18 16:27:17 -0700},
	Title = {Ad-hoc scalar implicature in adults and children},
	Year = {2011}}

@article{huang2009,
	Author = {Huang, Yi Ting and Snedeker, Jesse},
	Date-Added = {2013-08-16 16:22:23 -0700},
	Date-Modified = {2013-08-16 16:27:17 -0700},
	Journal = {Cognitive psychology},
	Number = {3},
	Pages = {376--415},
	Publisher = {Elsevier},
	Title = {Online interpretation of scalar quantifiers: Insight into the semantics--pragmatics interface},
	Volume = {58},
	Year = {2009}}

@article{garton1983,
	Author = {Garton, Alison F},
	Date-Added = {2013-08-15 22:03:04 -0700},
	Date-Modified = {2013-08-15 22:14:47 -0700},
	Journal = {Journal of psycholinguistic research},
	Number = {5},
	Pages = {513--525},
	Publisher = {Springer},
	Title = {An approach to the study of determiners in early language development},
	Volume = {12},
	Year = {1983}}

@article{kedar2006,
	Author = {Kedar, Yarden and Casasola, Marianella and Lust, Barbara},
	Date-Added = {2013-08-15 21:02:20 -0700},
	Date-Modified = {2013-08-15 21:02:51 -0700},
	Journal = {Child Development},
	Number = {2},
	Pages = {325--338},
	Publisher = {Wiley Online Library},
	Title = {Getting There Faster: 18-and 24-Month-Old Infants' Use of Function Words to Determine Reference},
	Volume = {77},
	Year = {2006}}

@article{gerken1993,
	Author = {Gerken, LouAnn and McIntosh, Bonnie J},
	Date-Added = {2013-08-15 21:01:48 -0700},
	Date-Modified = {2013-08-15 21:02:44 -0700},
	Journal = {Developmental Psychology},
	Number = {3},
	Pages = {448},
	Publisher = {American Psychological Association},
	Title = {Interplay of function morphemes and prosody in early language.},
	Volume = {29},
	Year = {1993}}

@article{lewwilliams2007,
	Author = {Lew-Williams, Casey and Fernald, Anne},
	Date-Added = {2013-08-15 18:48:26 -0700},
	Date-Modified = {2013-08-15 18:51:31 -0700},
	Journal = {Psychological Science},
	Number = {3},
	Pages = {193--198},
	Publisher = {SAGE Publications},
	Title = {Young children learning Spanish make rapid use of grammatical gender in spoken word recognition},
	Volume = {18},
	Year = {2007}}

@article{vanheugten2009,
	Author = {Van Heugten, Marieke and Shi, Rushen},
	Date-Added = {2013-08-15 18:48:05 -0700},
	Date-Modified = {2013-08-15 18:48:40 -0700},
	Journal = {Developmental Science},
	Number = {3},
	Pages = {419--425},
	Publisher = {Wiley Online Library},
	Title = {French-learning toddlers use gender information on determiners during word recognition},
	Volume = {12},
	Year = {2009}}

@article{zangl2007,
	Author = {Zangl, Renate and Fernald, Anne},
	Date-Added = {2013-08-15 18:35:13 -0700},
	Date-Modified = {2013-08-15 18:35:25 -0700},
	Journal = {Language Learning and Development},
	Number = {3},
	Pages = {199--231},
	Publisher = {Taylor \&amp; Francis},
	Title = {Increasing flexibility in children's online processing of grammatical and nonce determiners in fluent speech},
	Volume = {3},
	Year = {2007}}

@article{vanhout2010,
	Author = {Van Hout, Angeliek and Harrigan, Kaitlyn and de Villiers, Jill},
	Date-Added = {2013-08-15 17:32:43 -0700},
	Date-Modified = {2013-08-15 17:32:55 -0700},
	Journal = {Lingua},
	Number = {8},
	Pages = {1973--1990},
	Publisher = {Elsevier},
	Title = {Asymmetries in the acquisition of definite and indefinite NPs},
	Volume = {120},
	Year = {2010}}

@article{decat2012,
	Author = {De Cat, C{\'e}cile},
	Date-Added = {2013-08-15 16:31:05 -0700},
	Date-Modified = {2013-08-15 16:31:18 -0700},
	Journal = {Journal of Pragmatics},
	Publisher = {Elsevier},
	Title = {Egocentric definiteness errors and perspective evaluation in preschool children},
	Year = {2012}}

@article{emslie1981pre,
	Author = {Emslie, Hazel C and Stevenson, Rosemary J},
	Date-Added = {2013-08-15 16:09:21 -0700},
	Date-Modified = {2013-08-15 16:09:21 -0700},
	Journal = {Journal of Child Language},
	Number = {2},
	Pages = {313--328},
	Publisher = {Cambridge Univ Press},
	Title = {Pre-school childrens use of the articles in definite and indefinite referring expressions},
	Volume = {8},
	Year = {1981}}

@article{warden1981,
	Author = {Warden, David},
	Date-Added = {2013-08-15 16:09:20 -0700},
	Date-Modified = {2013-08-15 16:20:55 -0700},
	Journal = {British Journal of Psychology},
	Number = {1},
	Pages = {93--99},
	Publisher = {Wiley Online Library},
	Title = {Learning to identify referents},
	Volume = {72},
	Year = {1981}}

@article{schaeffer2005,
	Author = {Schaeffer, Jeannette and Matthewson, Lisa},
	Date-Added = {2013-08-15 15:48:50 -0700},
	Date-Modified = {2013-08-15 15:58:04 -0700},
	Journal = {Natural Language \&amp; Linguistic Theory},
	Number = {1},
	Pages = {53--101},
	Publisher = {Springer},
	Title = {Grammar and pragmatics in the acquisition of article systems},
	Volume = {23},
	Year = {2005}}

@article{duff2011,
	Author = {Duff, Melissa C and Gupta, Rupa and Hengst, Julie A and Tranel, Daniel and Cohen, Neal J},
	Date-Added = {2013-08-15 15:48:03 -0700},
	Date-Modified = {2013-09-30 23:33:12 -0700},
	Journal = {Psychological Science},
	Number = {5},
	Pages = {666--673},
	Publisher = {Sage Publications},
	Title = {The Use of Definite References Signals Declarative Memory Evidence From Patients With Hippocampal Amnesia},
	Volume = {22},
	Year = {2011}}

@article{kemp2005,
	Author = {Kemp, Nenagh and Lieven, Elena and Tomasello, Michael},
	Date-Added = {2013-08-15 15:12:35 -0700},
	Date-Modified = {2013-08-15 15:34:36 -0700},
	Journal = {Journal of Speech, Language and Hearing Research},
	Number = {3},
	Pages = {592},
	Publisher = {ASHA},
	Title = {Young children's knowledge of the" determiner" and" adjective" categories},
	Volume = {48},
	Year = {2005}}

@article{bellinger1982,
	Author = {Bellinger, D.C. and Gleason, J.B.},
	Date-Added = {2012-06-12 15:25:12 -0700},
	Date-Modified = {2012-06-12 15:25:20 -0700},
	Journal = {Sex roles},
	Number = {11},
	Pages = {1123--1139},
	Publisher = {Springer},
	Title = {Sex differences in parental directives to young children},
	Volume = {8},
	Year = {1982}}

@article{grice1975,
	Author = {Grice, H.P.},
	Date-Added = {2012-06-12 15:18:01 -0700},
	Date-Modified = {2012-06-12 15:18:12 -0700},
	Journal = {1975},
	Pages = {41--58},
	Title = {Logic and conversation},
	Year = {1975}}

@article{barner2010,
	Author = {Barner, D. and Bachrach, A.},
	Date-Added = {2012-06-12 15:10:34 -0700},
	Date-Modified = {2013-09-30 23:28:47 -0700},
	Journal = {Cognitive Psychology},
	Number = {1},
	Pages = {40--62},
	Publisher = {Elsevier},
	Title = {Inference and exact numerical representation in early language development},
	Volume = {60},
	Year = {2010}}

@article{papafragou2004,
	Author = {Papafragou, A. and Tantalou, N.},
	Date-Added = {2012-06-12 15:01:06 -0700},
	Date-Modified = {2012-06-12 15:06:52 -0700},
	Journal = {Language Acquisition},
	Number = {1},
	Pages = {71--82},
	Publisher = {Taylor \& Francis},
	Title = {Children's computation of implicatures},
	Volume = {12},
	Year = {2004}}

@article{papafragou2003,
	Author = {Papafragou, A. and Musolino, J.},
	Date-Added = {2012-06-12 14:58:11 -0700},
	Date-Modified = {2012-06-12 15:04:43 -0700},
	Journal = {Cognition},
	Number = {3},
	Pages = {253--282},
	Publisher = {Elsevier},
	Title = {Scalar implicatures: Experiments at the semantics-pragmatics interface},
	Volume = {86},
	Year = {2003}}

@article{papafragou2006,
	Author = {Papafragou, A.},
	Date-Added = {2012-06-12 14:57:59 -0700},
	Date-Modified = {2012-06-12 15:03:17 -0700},
	Journal = {Journal of child language},
	Number = {04},
	Pages = {721--757},
	Publisher = {Cambridge Univ Press},
	Title = {From scalar semantics to implicature: children's interpretation of aspectuals},
	Volume = {33},
	Year = {2006}}

@article{noveck2001,
	Author = {Noveck, I.A.},
	Date-Added = {2012-06-12 14:57:43 -0700},
	Date-Modified = {2012-06-12 15:09:16 -0700},
	Journal = {Cognition},
	Number = {2},
	Pages = {165--188},
	Publisher = {Elsevier},
	Title = {When children are more logical than adults: Experimental investigations of scalar implicature},
	Volume = {78},
	Year = {2001}}

@article{katsos2011,
	Author = {Katsos, N. and Bishop, D.V.M.},
	Date-Added = {2012-06-12 14:54:24 -0700},
	Date-Modified = {2012-06-12 15:09:51 -0700},
	Journal = {Cognition},
	Publisher = {Elsevier},
	Title = {Pragmatic tolerance: Implications for the acquisition of informativeness and implicature},
	Year = {2011}}

@article{barner2011,
	Author = {Barner, D. and Brooks, N. and Bale, A.},
	Date-Added = {2012-06-12 14:52:49 -0700},
	Date-Modified = {2012-06-12 15:01:22 -0700},
	Journal = {Cognition},
	Number = {1},
	Pages = {84--93},
	Publisher = {Elsevier},
	Title = {Accessing the unsaid: The role of scalar alternatives in children's pragmatic inference},
	Volume = {118},
	Year = {2011}}

@article{guasti2005,
	Author = {Guasti, M.T. and Chierchia, G. and Crain, S. and Foppolo, F. and Gualmini, A. and Meroni, L.},
	Date-Added = {2012-06-12 14:52:14 -0700},
	Date-Modified = {2012-06-12 15:03:18 -0700},
	Journal = {Language and Cognitive Processes},
	Number = {5},
	Pages = {667--696},
	Publisher = {Taylor \& Francis},
	Title = {Why children and adults sometimes (but not always) compute implicatures},
	Volume = {20},
	Year = {2005}}
